
    <marc:record>
        <marc:leader>01766npcaa2200253Ii 4500</marc:leader>
        <marc:controlfield tag="001">003866945</marc:controlfield>
        <marc:controlfield tag="005">20180823141633.0</marc:controlfield>
        <marc:controlfield tag="008">180823i18441869ncu                 eng d</marc:controlfield>
        <marc:datafield tag="035" ind1=" " ind2=" ">
            <marc:subfield code="a">1049572008</marc:subfield>
        </marc:datafield>
        <marc:datafield tag="040" ind1=" " ind2=" ">
            <marc:subfield code="a">NDD</marc:subfield>
            <marc:subfield code="b">eng</marc:subfield>
            <marc:subfield code="e">rda</marc:subfield>
            <marc:subfield code="e">dacs</marc:subfield>
            <marc:subfield code="c">NDD</marc:subfield>
        </marc:datafield>
        <marc:datafield tag="049" ind1=" " ind2=" ">
            <marc:subfield code="a">NDDP</marc:subfield>
        </marc:datafield>
        <marc:datafield tag="100" ind1="1" ind2=" ">
            <marc:subfield code="a">Craven, Bartlet Yancey, 1823-,</marc:subfield>
            <marc:subfield code="e">creator.</marc:subfield>
        </marc:datafield>
        <marc:datafield tag="245" ind1="1" ind2="0">
            <marc:subfield code="a">Bartlet Yancey Craven papers,</marc:subfield>
            <marc:subfield code="f">1844-1869.</marc:subfield>
        </marc:datafield>
        <marc:datafield tag="264" ind1=" " ind2="0">
            <marc:subfield code="c">1844-1869.</marc:subfield>
        </marc:datafield>
        <marc:datafield tag="300" ind1=" " ind2=" ">
            <marc:subfield code="a">9 items and 1 volume.</marc:subfield>
        </marc:datafield>
        <marc:datafield tag="336" ind1=" " ind2=" ">
            <marc:subfield code="a">text</marc:subfield>
            <marc:subfield code="b">txt</marc:subfield>
            <marc:subfield code="2">rdacontent</marc:subfield>
        </marc:datafield>
        <marc:datafield tag="337" ind1=" " ind2=" ">
            <marc:subfield code="a">unmediated</marc:subfield>
            <marc:subfield code="b">n</marc:subfield>
            <marc:subfield code="2">rdamedia</marc:subfield>
        </marc:datafield>
        <marc:datafield tag="338" ind1=" " ind2=" ">
            <marc:subfield code="a">sheet</marc:subfield>
            <marc:subfield code="b">nb</marc:subfield>
            <marc:subfield code="2">rdacarrier</marc:subfield>
        </marc:datafield>
        <marc:datafield tag="545" ind1=" " ind2=" ">
            <marc:subfield code="a">Bartlet Y. Craven lived in southern Randolph County. He is listed in the 1850 Census, Randolph County, North Carolina compiled by Nancy W. Simpson (p. 37). In that year Craven was twenty-seven years old and lived in the house hold of Susanna Craven, aged 62. He might have lived somewhere near Foust's Mill (now Coleridge).</marc:subfield>
        </marc:datafield>
        <marc:datafield tag="520" ind1="8" ind2=" ">
            <marc:subfield code="a">Craven's Ledger, 1853-1869 (74 pp.), reveals that he was engaged in a variety of activities: blacksmithing, tailoring, farming, hauling, pottery making, and the selling of pottery, foodstuff, and other goods. He also hired labor to assist in some of this work, and entries for the payment of workers on the farm and in his pottery shop are particularly notable. The potter in his employ was Chester Webster who was listed in the 1850 census as a potter, aged 48, born in Connecticut (1850 Census, p. 38). There are a few references to business dealings in Raleigh, Fayetteville, Cedar Falls, etc. The items, 1844-1868, are mostly receipts, usually for the payment of taxes.</marc:subfield>
        </marc:datafield>
        <marc:datafield tag="541" ind1=" " ind2=" ">
            <marc:subfield code="a">Acquired by the Rubenstein Library about 1959.</marc:subfield>
        </marc:datafield>
        <marc:datafield tag="651" ind1=" " ind2="0">
            <marc:subfield code="a">Randolph County (N.C.)</marc:subfield>
            <marc:subfield code="x">History</marc:subfield>
            <marc:subfield code="y">19th century.</marc:subfield>
        </marc:datafield>
        <marc:datafield tag="650" ind1=" " ind2="0">
            <marc:subfield code="a">Potters</marc:subfield>
            <marc:subfield code="z">North Carolina</marc:subfield>
            <marc:subfield code="y">19th century.</marc:subfield>
        </marc:datafield>
        <marc:datafield tag="600" ind1="1" ind2="0">
            <marc:subfield code="a">Webster, Chester, 1802-</marc:subfield>
        </marc:datafield>
    </marc:record>